<?xml version="1.0" encoding="UTF-8"?><record xmlns="http://www.loc.gov/MARC21/slim" xmlns:cinclude="http://apache.org/cocoon/include/1.0" xmlns:zs="http://www.loc.gov/zing/srw/">
  <leader>00472cz  a2200121n  4500</leader>
  <controlfield tag="001">n  88154225 </controlfield>
  <controlfield tag="003">DLC</controlfield>
  <controlfield tag="005">19890812072754.4</controlfield>
  <controlfield tag="008">890628n| acannaab|          |n ana |||  </controlfield>
  <datafield tag="010" ind1=" " ind2=" ">
    <subfield code="a">n  88154225 </subfield>
  </datafield>
  <datafield tag="040" ind1=" " ind2=" ">
    <subfield code="a">DLC</subfield>
    <subfield code="c">DLC</subfield>
  </datafield>
  <datafield tag="110" ind1="1" ind2="0">
    <subfield code="a">Virginia.</subfield>
    <subfield code="b">General Assembly.</subfield>
    <subfield code="b">Joint Subcommittee Studying Alternative Indigent Defense Systems</subfield>
  </datafield>
  <datafield tag="670" ind1=" " ind2=" ">
    <subfield code="a">Its Report of the Joint Subcommittee Studying Alternative Indigent Defense Systems to the Governor and the General Assembly of Virginia, 1989</subfield>
  </datafield>
</record>